<record><leader>00000cas a22000007a 4500</leader><controlfield tag="001">25500075</controlfield><controlfield tag="008">920319d18881896ctuwr ne      0    0eng d</controlfield><datafield ind1=" " ind2=" " tag="010"><subfield code="a">sn 92051186 </subfield></datafield><datafield ind1=" " ind2=" " tag="040"><subfield code="a">CNW</subfield><subfield code="b">eng</subfield><subfield code="c">CNW</subfield><subfield code="d">OCLCQ</subfield></datafield><datafield ind1=" " ind2=" " tag="042"><subfield code="a">msc</subfield></datafield><datafield ind1="0" ind2=" " tag="130"><subfield code="a">Sunday herald (Waterbury, Conn.)</subfield></datafield><datafield ind1="1" ind2="0" tag="245"><subfield code="a">Sunday herald.</subfield></datafield><datafield ind1="1" ind2="7" tag="246"><subfield code="a">Waterbury Sunday herald</subfield><subfield code="f">Feb. 19, 1888-July 14, 1889</subfield></datafield><datafield ind1=" " ind2=" " tag="260"><subfield code="a">Waterbury, Conn. :</subfield><subfield code="b">F.R. Swift</subfield></datafield><datafield ind1=" " ind2=" " tag="300"><subfield code="a">v.</subfield></datafield><datafield ind1=" " ind2=" " tag="310"><subfield code="a">Weekly</subfield></datafield><datafield ind1="0" ind2=" " tag="362"><subfield code="a">Vol. 1, no. 1 (Feb. 19, 1888)-v. 9, no. 434 (June 14, 1896).</subfield></datafield><datafield ind1=" " ind2=" " tag="530"><subfield code="a">Available on microfilm from Connecticut State Library, Hartford, Conn.</subfield></datafield><datafield ind1=" " ind2="4" tag="651"><subfield code="a">Waterbury (Conn.)</subfield><subfield code="v">Newspapers.</subfield></datafield><datafield ind1=" " ind2=" " tag="752"><subfield code="a">United States</subfield><subfield code="b">Connecticut</subfield><subfield code="c">New Haven</subfield><subfield code="d">Waterbury.</subfield></datafield><datafield ind1="0" ind2="0" tag="785"><subfield code="t">Waterbury herald</subfield><subfield code="w">(DLC)sn 92051187</subfield></datafield><datafield ind1="1" ind2=" " tag="029"><subfield code="a">AU@</subfield><subfield code="b">000020698855</subfield></datafield></record>